<record><leader>00000cas a22000007a 4500</leader><controlfield tag="001">11956223</controlfield><controlfield tag="008">850424d19491986utuwr ne      0    0eng d</controlfield><datafield ind1=" " ind2=" " tag="010"><subfield code="a">sn 85058114 </subfield></datafield><datafield ind1=" " ind2=" " tag="040"><subfield code="a">UNP</subfield><subfield code="b">eng</subfield><subfield code="c">UNP</subfield><subfield code="d">NSD</subfield><subfield code="d">UBY</subfield><subfield code="d">OCLCQ</subfield><subfield code="d">OCLCF</subfield><subfield code="d">OCLCO</subfield></datafield><datafield ind1=" " ind2=" " tag="042"><subfield code="a">msc</subfield></datafield><datafield ind1=" " ind2=" " tag="043"><subfield code="a">n-us-ut</subfield></datafield><datafield ind1="0" ind2=" " tag="130"><subfield code="a">Box Elder news (Brigham City, Utah : 1949)</subfield></datafield><datafield ind1="1" ind2="0" tag="245"><subfield code="a">Box Elder news.</subfield></datafield><datafield ind1=" " ind2=" " tag="260"><subfield code="a">Brigham City, Utah :</subfield><subfield code="b">C.W. Claybaugh &amp; W.M. Long,</subfield><subfield code="c">1949-1986.</subfield></datafield><datafield ind1=" " ind2=" " tag="300"><subfield code="a">v. :</subfield><subfield code="b">ill. ;</subfield><subfield code="c">57 cm.</subfield></datafield><datafield ind1=" " ind2=" " tag="310"><subfield code="a">Weekly</subfield></datafield><datafield ind1="0" ind2=" " tag="362"><subfield code="a">Vol. 54, no. 75 (Sept. 21, 1949)-v. 89, no. 35 (Aug. 30, 1986).</subfield></datafield><datafield ind1=" " ind2=" " tag="580"><subfield code="a">Continues in part: Box Elder news-journal.</subfield></datafield><datafield ind1=" " ind2=" " tag="580"><subfield code="a">Merged with: Box Elder journal (Brigham City, Utah : 1949), to form: Box Elder news journal.</subfield></datafield><datafield ind1=" " ind2="0" tag="651"><subfield code="a">Brigham City (Utah)</subfield><subfield code="v">Newspapers.</subfield></datafield><datafield ind1=" " ind2="0" tag="651"><subfield code="a">Box Elder County (Utah)</subfield><subfield code="v">Newspapers.</subfield></datafield><datafield ind1=" " ind2="7" tag="655"><subfield code="a">Newspapers.</subfield><subfield code="2">fast</subfield><subfield code="0">(OCoLC)fst01423814</subfield></datafield><datafield ind1=" " ind2="7" tag="651"><subfield code="a">Utah</subfield><subfield code="z">Box Elder County.</subfield><subfield code="2">fast</subfield><subfield code="0">(OCoLC)fst01218055</subfield></datafield><datafield ind1=" " ind2="7" tag="651"><subfield code="a">Utah</subfield><subfield code="z">Brigham City.</subfield><subfield code="2">fast</subfield><subfield code="0">(OCoLC)fst01208648</subfield></datafield><datafield ind1=" " ind2=" " tag="752"><subfield code="a">United States</subfield><subfield code="b">Utah</subfield><subfield code="c">Box Elder</subfield><subfield code="d">Brigham City.</subfield></datafield><datafield ind1="1" ind2="1" tag="780"><subfield code="t">Box Elder news-journal</subfield><subfield code="w">(DLC)sn 85058113</subfield><subfield code="w">(OCoLC)11956194</subfield></datafield><datafield ind1="1" ind2="7" tag="785"><subfield code="t">Box Elder journal (Brigham City, Utah : 1949)</subfield><subfield code="w">(DLC)sn 85058115</subfield><subfield code="w">(OCoLC)11956242</subfield></datafield><datafield ind1="1" ind2="7" tag="785"><subfield code="t">Box Elder news journal</subfield><subfield code="x">0892-225X</subfield><subfield code="w">(DLC)sn 86091566</subfield><subfield code="w">(OCoLC)14193458</subfield></datafield></record>